@article{mfem_library,
  title={MFEM: A modular finite element methods library},
  author={Anderson, Robert and others},
  journal={Computers \& Mathematics with Applications},
  volume={81},
  pages={42--74},
  year={2021},
  publisher={Elsevier}
}