@inproceedings{bruck1995efficient,
  title={Efficient message passing interface (MPI) for parallel computing on clusters of workstations},
  author={Bruck, Jehoshua and Dolev, Danny and Ho, Ching-Tien and Ro{\c{s}}u, Marcel-C{\u{a}}t{\u{a}}lin and Strong, Ray},
  booktitle={Proceedings of the seventh annual ACM symposium on Parallel algorithms and architectures},
  pages={64--73},
  year={1995}
}

@inproceedings{skjellum1994extending,
  title={Extending the message passing interface (MPI)},
  author={Skjellum, Anthony and Doss, Nathan E and Viswanathan, Kishore and Chowdappa, Aswini and Bangalore, Purushotham V},
  booktitle={Proceedings Scalable Parallel Libraries Conference},
  pages={106--118},
  year={1994},
  organization={IEEE}
}